<record><leader>00000cas a22000007a 4500</leader><controlfield tag="001">10181495</controlfield><controlfield tag="008">831202d18691879njuwr ne      0    0eng d</controlfield><datafield ind1=" " ind2=" " tag="010"><subfield code="a">sn 83032105 </subfield></datafield><datafield ind1=" " ind2=" " tag="040"><subfield code="a">NPU</subfield><subfield code="b">eng</subfield><subfield code="c">NPU</subfield><subfield code="d">NPX</subfield><subfield code="d">MGN</subfield><subfield code="d">OCLCQ</subfield></datafield><datafield ind1=" " ind2=" " tag="042"><subfield code="a">msc</subfield></datafield><datafield ind1="0" ind2="4" tag="245"><subfield code="a">The Beverly weekly visitor.</subfield></datafield><datafield ind1=" " ind2=" " tag="260"><subfield code="a">Beverly, N.J. :</subfield><subfield code="b">George F. Clark [i.e. Clarke]</subfield></datafield><datafield ind1=" " ind2=" " tag="300"><subfield code="a">v. ;</subfield><subfield code="c">62 cm.</subfield></datafield><datafield ind1=" " ind2=" " tag="310"><subfield code="a">Weekly</subfield></datafield><datafield ind1="1" ind2=" " tag="362"><subfield code="a">Began in Feb. 1869; ceased in 1879. Cf. Woodward &amp; Hageman. Hist. of Burlington and Mercer Counties, N.J., 1883.</subfield></datafield><datafield ind1=" " ind2=" " tag="500"><subfield code="a">Editor: David Scattergood, 1869-&lt;1876&gt;.</subfield></datafield><datafield ind1=" " ind2=" " tag="500"><subfield code="a">Publishers: David Scattergood, 1869-&lt;1872&gt;, &lt;1875&gt;; George F. Clarke, &lt;1873-1874&gt;; L.W. Perkins, &lt;1876-1877&gt;.</subfield></datafield><datafield ind1=" " ind2=" " tag="588"><subfield code="a">Description based on: Vol. 5, no. 5 (Jan. 31, 1873).</subfield></datafield><datafield ind1=" " ind2=" " tag="752"><subfield code="a">United States</subfield><subfield code="b">New Jersey</subfield><subfield code="c">Burlington</subfield><subfield code="d">Beverly.</subfield></datafield></record>